
@InProceedings{Lampson1973,
author = {Lampson, Butler},
title = {A Note on the Confinement Problem},
year = {1973},
publisher = {Association for Computing Machinery, Inc.},
url = {https://www.microsoft.com/en-us/research/publication/a-note-on-the-confinement-problem/},
}

@inproceedings {Tromer2009,
author = {Tromer, E. and Osvik, D.A. and Shamir, A.},
title = {Efficient Cache Attacks on AES, and Countermeasures},
booktitle = {Journal of Cryptology 23},
year = {2009},
pages = {37--71}
}

@inproceedings{Ristenpart2009, 
author = {Ristenpart, Thomas and Tromer, Eran and Shacham, Hovav and Savage, Stefan}, 
title = {Hey, You, Get off of My Cloud: Exploring Information Leakage in Third-Party Compute Clouds}, 
year = {2009},
url = {https://doi.org/10.1145/1653662.1653687}, 
booktitle = {Proceedings of the 16th ACM Conference on Computer and Communications Security},
pages = {199--212},
}

@inproceedings{Okamura2010,
author = {Okamura, Keisuke and Oyama, Yoshihiro},
title = {Load-Based Covert Channels between {X}en Virtual Machines},
year = {2010},
url = {https://doi.org/10.1145/1774088.1774125},
booktitle = {Proceedings of the 2010 ACM Symposium on Applied Computing},
pages = {173--180},
}
  

@inproceedings{Suzaki2011,
author = {Suzaki, Kuniyasu and Iijima, Kengo and Yagi, Toshiki and Artho, Cyrille},
title = {Memory Deduplication as a Threat to the Guest OS},
year = {2011},
publisher = {Association for Computing Machinery},
url = {https://doi.org/10.1145/1972551.1972552},
booktitle = {Proceedings of the Fourth European Workshop on System Security},
numpages = {6},
}

@inproceedings{Xu2011,
author = {Xu, Yunjing and Bailey, Michael and Jahanian, Farnam and Joshi, Kaustubh and Hiltunen, Matti and Schlichting, Richard},
title = {An Exploration of L2 Cache Covert Channels in Virtualized Environments},
year = {2011},
url = {https://doi.org/10.1145/2046660.2046670},
booktitle = {Proceedings of the 3rd ACM Workshop on Cloud Computing Security Workshop},
pages = {29--40},
}


@inproceedings{Zhang2011,
author = {Zhang, Yinqian and Juels, Ari and Oprea, Alina and Reiter, Michael K.},
title = {HomeAlone: Co-Residency Detection in the Cloud via Side-Channel Analysis},
year = {2011},
url = {https://doi.org/10.1109/SP.2011.31},
booktitle = {Proceedings of the 2011 IEEE Symposium on Security and Privacy},
pages = {313--328},
}

  

@inproceedings {Wu2012,
author = {Zhenyu Wu and Zhang Xu and Haining Wang},
title = {Whispers in the Hyper-space: High-speed Covert Channel Attacks in the Cloud},
booktitle = {Proceedings of the 21st {USENIX} Security Symposium ({USENIX} Security 12)},
year = {2012},
pages = {159--173},
url = {https://www.usenix.org/conference/usenixsecurity12/technical-sessions/presentation/wu},
}


@inproceedings{Zhang2012,
author = {Zhang, Yinqian and Juels, Ari and Reiter, Michael K. and Ristenpart, Thomas},
title = {Cross-VM Side Channels and Their Use to Extract Private Keys},
year = {2012},
url = {https://doi.org/10.1145/2382196.2382230},
booktitle = {Proceedings of the 2012 ACM Conference on Computer and Communications Security},
pages = {305--316},
}


@inproceedings {Xiao2013,
author = {Xiao, J. and Xu, Z. and Huang, H. and Wang, H},
title = {Security implications of memory deduplication in a virtualized environment},
booktitle = {Proceedings of the 43rd Annual IEEE/IFIP International Conference on Dependable Systems and Networks (DSN'13)},
year = {2013},
pages = {1--12}
}


@misc{Irazoqui2014,
    author = {Gorka Irazoqui and Mehmet Sinan Inci and Thomas Eisenbarth and Berk Sunar},
    title = {Wait a minute! A fast, Cross-VM attack on AES},
    howpublished = {Cryptology ePrint Archive, Report 2014/435},
    year = {2014},
    note = {\url{https://eprint.iacr.org/2014/435}},
}


@inproceedings {Yarom2014,
author = {Yuval Yarom and Katrina Falkner},
title = {FLUSH+RELOAD: A High Resolution, Low Noise, L3 Cache Side-Channel Attack},
booktitle = {23rd {USENIX} Security Symposium ({USENIX} Security 14)},
year = {2014},
pages = {719--732},
url = {https://www.usenix.org/conference/usenixsecurity14/technical-sessions/presentation/yarom},
}

@inproceedings{Zhang2014,
  title={Cross-Tenant Side-Channel Attacks in PaaS Clouds},
  author={Yinqian Zhang and Ari Juels and Michael K. Reiter and Thomas Ristenpart},
  booktitle={CCS '14},
  year={2014}
}

@INPROCEEDINGS{Irazoqui2015, 
author={G. {Irazoqui} and T. {Eisenbarth} and B. {Sunar}},
booktitle={2015 IEEE Symposium on Security and Privacy}, 
title={{S\$A}: A Shared Cache Attack That Works across Cores and Defies VM Sandboxing -- and Its Application to AES},  
year={2015},  
pages={591--604},
}

@INPROCEEDINGS{Liu2015, 
author={F. {Liu} and Y. {Yarom} and Q. {Ge} and G. {Heiser} and R. B. {Lee}}, 
booktitle={2015 IEEE Symposium on Security and Privacy}, 
title={Last-Level Cache Side-Channel Attacks are Practical},  
year={2015},  
pages={605--622},
}

@inproceedings{Maurice2015,
author = {Maurice, Cl\'{e}mentine and Neumann, Christoph and Heen, Olivier and Francillon, Aur\'{e}lien},
title = {C5: Cross-Cores Cache Covert Channel},
year = {2015},
url = {https://doi.org/10.1007/978-3-319-20550-2_3},
booktitle = {Proceedings of the 12th International Conference on Detection of Intrusions and Malware, and Vulnerability Assessment - Volume 9148},
pages = {46--64},
}


  
@inproceedings {Varadarajan2015,
author = {Venkatanathan Varadarajan and Yinqian Zhang and Thomas Ristenpart and Michael Swift},
title = {A Placement Vulnerability Study in Multi-Tenant Public Clouds},
booktitle = {24th {USENIX} Security Symposium ({USENIX} Security 15)},
year = {2015},
pages = {913--928},
url = {https://www.usenix.org/conference/usenixsecurity15/technical-sessions/presentation/varadarajan},
}

@inproceedings{Xu2015,
author = {Xu, Zhang and Wang, Haining and Wu, Zhenyu},
title = {A Measurement Study on Co-Residence Threat inside the Cloud},
year = {2015},
booktitle = {Proceedings of the 24th USENIX Conference on Security Symposium},
pages = {929--944}
}


@incollection{Gruss2016,
author = {Gruss, D. and Maurice, C. and Wagner, K. and Mangard, S.},
title = {Flush+Flush: A Fast and Stealthy Cache Attack},
booktitle = {Detection of Intrusions and Malware, and Vulnerability Assessment},
editor = {Caballero, J. and Zurutuza, U. and Rodr\'iguez, R.},
year = {2016},
publisher = {Springer},
volume = {9721},
}


@inproceedings{Irazoqui2016,
author = {Irazoqui, Gorka and Eisenbarth, Thomas and Sunar, Berk},
title = {Cross Processor Cache Attacks},
year = {2016},
url = {https://doi.org/10.1145/2897845.2897867},
booktitle = {Proceedings of the 11th ACM on Asia Conference on Computer and Communications Security},
pages = {353--364},
}
  

@inproceedings {Pessl2016,
author = {Peter Pessl and Daniel Gruss and Cl{\'e}mentine Maurice and Michael Schwarz and Stefan Mangard},
title = {{DRAMA}: Exploiting {DRAM} Addressing for Cross-CPU Attacks},
booktitle = {25th {USENIX} Security Symposium ({USENIX} Security 16)},
year = {2016},
pages = {565--581},
url = {https://www.usenix.org/conference/usenixsecurity16/technical-sessions/presentation/pessl},
}



@inproceedings {Disselkoen2017,
author = {Craig Disselkoen and David Kohlbrenner and Leo Porter and Dean Tullsen},
title = {Prime+Abort: A Timer-Free High-Precision L3 Cache Attack using Intel {TSX}},
booktitle = {26th {USENIX} Security Symposium ({USENIX} Security 17)},
year = {2017},
pages = {51--67},
url = {https://www.usenix.org/conference/usenixsecurity17/technical-sessions/presentation/disselkoen},
publisher = {{USENIX} Association},
}

@misc {Maurice2017,
author = {Cl\'ementine Maurice and Manuel Weber and Michael Schwarz and Lukas Giner and Daniel Gruss and Carlo Alberto Boano and Stefan Mangard and Kay R\"omer},
title = {Hello from the Other Side: {SSH} over Robust Cache Covert Channels in the Cloud},
howpublished = {NDSS Symposium 2017},
month = {},
year = {2017},
url = {https://www.ndss-symposium.org/ndss2017/ndss-2017-programme/hello-other-side-ssh-over-robust-cache-covert-channels-cloud/}
}


@inproceedings{spectre,
 author = {Paul Kocher and Jann Horn and Anders Fogh and and Daniel Genkin and Daniel Gruss and Werner Haas and Mike Hamburg and Moritz Lipp and Stefan Mangard and Thomas Prescher and Michael Schwarz and Yuval Yarom},
 title = {Spectre Attacks: Exploiting Speculative Execution},
 booktitle = {40th IEEE Symposium on Security and Privacy (S\&P'19)},
 year = {2019},
}

@inproceedings{meltdown,
 author = {Moritz Lipp and Michael Schwarz and Daniel Gruss and Thomas Prescher and Werner Haas and Anders Fogh and Jann Horn and Stefan Mangard and Paul Kocher and Daniel Genkin and Yuval Yarom and Mike Hamburg},
 title = {Meltdown: Reading Kernel Memory from User Space},
 booktitle = {27th {USENIX} Security Symposium ({USENIX} Security 18)},
 year = {2018},
}
















































  

